@article{Gupta:1993:OAB:176454.176507,
 author = {Gupta, Rajiv},
 title = {Optimizing Array Bound Checks Using Flow Analysis},
 journal = {ACM Lett. Program. Lang. Syst.},
 issue_date = {March\&\#8211;Dec. 1993},
 volume = {2},
 number = {1-4},
 month = mar,
 year = {1993},
 issn = {1057-4514},
 pages = {135--150},
 numpages = {16},
 url = {http://doi.acm.org/10.1145/176454.176507},
 doi = {10.1145/176454.176507},
 acmid = {176507},
 publisher = {ACM},
 address = {New York, NY, USA},
 keywords = {available checks, check hoisting, dataflow analysis, very busy checks},
}

@article{GuptaFLO,
 author = {Gupta, Rajiv},
 title = {A Fresh Look at Optimizing Array Bound Checking},
 journal = {SIGPLAN Not.},
 issue_date = {Jun. 1990},
 volume = {25},
 number = {6},
 month = jun,
 year = {1990},
 issn = {0362-1340},
 pages = {272--282},
 numpages = {11},
 url = {http://doi.acm.org/10.1145/93548.93581},
 doi = {10.1145/93548.93581},
 acmid = {93581},
 publisher = {ACM},
 address = {New York, NY, USA},
} 

@inproceedings{Thakur,
 author = {Thakur, Aditya and Govindarajan, R.},
 title = {Comprehensive Path-sensitive Data-flow Analysis},
 booktitle = {Proceedings of the 6th Annual IEEE/ACM International Symposium on Code Generation and Optimization},
 series = {CGO '08},
 year = {2008},
 isbn = {978-1-59593-978-4},
 location = {Boston, MA, USA},
 pages = {55--63},
 numpages = {9},
 url = {http://doi.acm.org/10.1145/1356058.1356066},
 doi = {10.1145/1356058.1356066},
 acmid = {1356066},
 publisher = {ACM},
 address = {New York, NY, USA},
 keywords = {code duplication, data-flow analysis, destructive merge, path-sensitive, precision, restructuring, split graph},
}
